@book{manning08,
  abstract = {Class-tested and coherent, this textbook teaches classical and web information retrieval, including web search and the related areas of text classification and text clustering from basic concepts. It gives an up-to-date treatment of all aspects of the design and implementation of systems for gathering, indexing, and searching documents; methods for evaluating systems; and an introduction to the use of machine learning methods on text collections. All the important ideas are explained using examples and figures, making it perfect for introductory courses in information retrieval for advanced undergraduates and graduate students in computer science. Based on feedback from extensive classroom experience, the book has been carefully structured in order to make teaching more natural and effective.},
  added-at = {2010-12-20T06:06:48.000+0100},
  address = {Cambridge, UK},
  author = {Manning, Christopher D. and Raghavan, Prabhakar and Schütze, Hinrich},
  biburl = {http://www.bibsonomy.org/bibtex/29f4ab13e07b48b9723113aa74224be65/folke},
  interhash = {2e574e46b7668a7268e7f02b46f4d9bb},
  intrahash = {9f4ab13e07b48b9723113aa74224be65},
  isbn = {978-0-521-86571-5},
  keywords = {book information introduction ir retrieval},
  publisher = {Cambridge University Press},
  timestamp = {2010-12-20T06:06:48.000+0100},
  title = {Introduction to Information Retrieval},
  url = {http://nlp.stanford.edu/IR-book/information-retrieval-book.html},
  year = 2008
}
@inproceedings{symonds2011,
	Author = {Mike Symonds and Peter Bruza and Laurianne Sitbon and Ian Turner},
	Bibsource = {dblp computer science bibliography, http://dblp.org},
	Biburl = {http://dblp.uni-trier.de/rec/bib/conf/paclic/SymondsBST11},
	Booktitle = {Proceedings of the 25th Pacific Asia Conference on Language, Information and Computation, {PACLIC} 25, Singapore, December 16-18, 2011},
	Pages = {313--322},
	Timestamp = {Tue, 19 Jun 2012 11:03:25 +0200},
	Title = {Modelling Word Meaning using Efficient Tensor Representations},
	Url = {http://www.aclweb.org/anthology/Y11-1033},
	Year = {2011},
	Bdsk-Url-1 = {http://www.aclweb.org/anthology/Y11-1033}}
%
@misc{oracle00,
  title = {Oracle and Collective Intellect},
  howpublished = {\url{http://www.oracle.com/us/corporate/acquisitions/collectiveintellect/index.html}},
  note = {Accessed: 2015-08-08}
}

@misc{oracle01,
  title = {Oracle Social Cloud Platform Text Analytics},
  howpublished = {\url{http://www.oracle.com/us/solutions/social/social-engagement-monitoring-cloud-service/social-cloud-text-analytics-1870526.pdf}},
  note = {Accessed: 2015-08-08}
}
@article{beltrami73,
  title={Sulle Funzioni Bilineary},
  author={Beltrami, E.},
  journal={Giornale Di Matematiche Ad Uso Degli Studenti Delle Universita
Italiane},
  year={1873}
}
@article{svdpack,
  title={SVDPACK: A Fortran-77 software library for the sparse singular value decomposition},
  author={Berry, Michael W},
  year={1992},
  publisher={University of Tennessee}
}
@misc{svdlibc,
  title={SvdLibC},
  author={Rohde, Doug},
  year={2007}
}

@book{lapack,
  title={LAPACK Users' guide},
  author={Anderson, Edward and Bai, Zhaojun and Bischof, Christian and Blackford, Susan and Demmel, James and Dongarra, Jack and Du Croz, Jeremy and Greenbaum, Anne and Hammerling, S and McKenney, Alan and others},
  volume={9},
  year={1999},
  publisher={Siam}
}

@article{gensim,
  title={Gensim--Python Framework for Vector Space Modelling},
  author={{\v{R}}eh{u}{\v{r}}ek, R and Sojka, P},
  journal={NLP Centre, Faculty of Informatics, Masaryk University, Brno, Czech Republic},
  year={2011}
}

@article{salton75,
 author = {Salton, G. and Wong, A. and Yang, C. S.},
 title = {A Vector Space Model for Automatic Indexing},
 journal = {Commun. ACM},
 issue_date = {Nov. 1975},
 volume = {18},
 number = {11},
 month = nov,
 year = {1975},
 issn = {0001-0782},
 pages = {613--620},
 numpages = {8},
 url = {http://doi.acm.org/10.1145/361219.361220},
 doi = {10.1145/361219.361220},
 acmid = {361220},
 publisher = {ACM},
 address = {New York, NY, USA},
 keywords = {automatic indexing, automatic information retrieval, content analysis, document space},
} 

@ARTICLE{deerwester90,
    author = {Scott Deerwester and Susan T. Dumais and George W. Furnas and Thomas K. Landauer and Richard Harshman},
    title = {Indexing by latent semantic analysis},
    journal = {JOURNAL OF THE AMERICAN SOCIETY FOR INFORMATION SCIENCE},
    year = {1990},
    volume = {41},
    number = {6},
    pages = {391--407}
}

@article{eckart36,
  title={The approximation of one matrix by another of lower rank},
  author={Eckart, Carl and Young, Gale},
  journal={Psychometrika},
  volume={1},
  number={3},
  pages={211--218},
  year={1936},
  publisher={Springer}
}

@article{weyl12,
  author = {Weyl, H.},
  journal = {Mathematische Annalen},
  pages = {441-479},
  title = {Das asymptotische Verteilungsgesetz der Eigenwerte linearer partieller Differentialgleichungen (mit einer Anwendung auf die Theorie der Hohlraumstrahlung)},
  url = {http://eudml.org/doc/158545},
  volume = {71},
  year = {1912},
}

@article{muntz1913,
  title={Solution direct de l’equation seculaire et de quelques problems analogues},
  author={Muntz, CL},
  journal={Comptus Rendus de l’Academie des Sciences},
  volume={156},
  pages={43--46},
  year={1913}
}

@book{lanczos1950,
  title={An iteration method for the solution of the eigenvalue problem of linear differential and integral operators},
  author={Lanczos, Cornelius},
  year={1950},
  publisher={United States Governm. Press Office}
}
@article{golub70,
  title={Singular value decomposition and least squares solutions},
  author={Golub, Gene H and Reinsch, Christian},
  journal={Numerische mathematik},
  volume={14},
  number={5},
  pages={403--420},
  year={1970},
  publisher={Springer}
}
@incollection{dubrulle1971implicit,
  title={The implicit QL algorithm},
  author={Dubrulle, A and Martin, RS and Wilkinson, JH},
  booktitle={Linear algebra},
  pages={241--248},
  year={1971},
  publisher={Springer}
}

@phdthesis{paige71,
  title={The computation of eigenvalues and eigenvectors of very large sparse matrices.},
  author={Paige, Christopher Conway},
  year={1971},
  school={University of London}
}

@article{parlett79,
  title={The Lanczos algorithm with selective orthogonalization},
  author={Parlett, Beresford N and Scott, David S},
  journal={Mathematics of computation},
  volume={33},
  number={145},
  pages={217--238},
  year={1979}
}

@phdthesis{berry91,
  title={Multiprocessor sparse SVD algorithms and applications},
  author={Berry, Michael Waitsel},
  year={1991},
  school={Citeseer}
}

@article{zha00,
  title={Matrices with low-rank-plus-shift structure: Partial SVD and latent semantic indexing},
  author={Zha, Hongyuan and Zhang, Zhenyue},
  journal={SIAM Journal on Matrix Analysis and Applications},
  volume={21},
  number={2},
  pages={522--536},
  year={2000},
  publisher={SIAM}
}
