@book{strang88,
  title={Linear algebra and its applications},
  author={Strang, Gilbert},
  year={1988},
  edition={3rd},
  publisher={Saunders}
}

@article{strang93,
  title={The fundamental theorem of linear algebra},
  author={Strang, Gilbert},
  journal={American Mathematical Monthly},
  pages={848--855},
  year={1993},
  publisher={JSTOR}
}

@article{kalman96,
  title={A singularly valuable decomposition: the SVD of a matrix},
  author={Kalman, Dan},
  journal={The college mathematics journal},
  volume={27},
  number={1},
  pages={2--23},
  year={1996}
}

@book{golub13,
  title={Matrix computations},
  author={Golub, Gene H and Van Loan, Charles F},
  edition={4th},
  year={2012},
  publisher={Johns Hopkins University Press}
}

@article{wilf81,
  title={{An algorithm-inspired proof of the spectral theorem in $E^n$}},
  author={Wilf, Herbert S},
  journal={American Mathematical Monthly},
  pages={49--50},
  year={1981},
  publisher={JSTOR}
}

@article{stewart93,
  title={On the early history of the singular value decomposition},
  author={Stewart, Gilbert W},
  journal={SIAM review},
  volume={35},
  number={4},
  pages={551--566},
  year={1993},
  publisher={SIAM}
}

@article{eckart36,
  title={The approximation of one matrix by another of lower rank},
  author={Eckart, Carl and Young, Gale},
  journal={Psychometrika},
  volume={1},
  number={3},
  pages={211--218},
  year={1936},
  publisher={Springer}
}

@article{berry95,
  title={Using linear algebra for intelligent information retrieval},
  author={Berry, Michael W and Dumais, Susan T and O'Brien, Gavin W},
  journal={SIAM review},
  volume={37},
  number={4},
  pages={573--595},
  year={1995},
  publisher={SIAM}
}

@book{lang04,
  title={Linear Algebra},
  author={Lang, Serge},
  year={2004},
  edition={3rd},
  publisher={Springer-Verlag, New York}
}

@article{blank89,
  title={A geometrically inspired proof of the singular value decomposition},
  author={Blank, SJ and Krikorian, Nishan and Spring, David},
  journal={American Mathematical Monthly},
  volume={96},
  number={3},
  pages={238--239},
  year={1989},
  publisher={Mathematical Association of America}
}

@phdthesis{rehurek11a,
  title={SCALABILITY OF SEMANTIC ANALYSIS IN NATURAL LANGUAGE PROCESSING},
  author={Radim Rehurek, RNDr},
  year={2011},
  school={Masaryk University}
}

@incollection{rehurek11b,
  title={Subspace tracking for latent semantic analysis},
  author={{\v{R}}eh{u}{\v{r}}ek, Radim},
  booktitle={Advances in Information Retrieval},
  pages={289--300},
  year={2011},
  publisher={Springer}
}

@article{rehurek10a,
  title={Speeding Up Latent Semantic Analysis: A Streamed Distributed Algorithm for SVD Updates},
  author={{\v{R}}eh{u}{\v{r}}ek, Radim and others},
  year={2010},
  publisher={INSTICC Press}
}

@article{rehurek10b,
  title={Fast and faster: A comparison of two streamed matrix decomposition algorithms},
  author={{\v{R}}eh{u}{\v{r}}ek, Radim and others},
  year={2010}
}


@article{halko11,
  title={Finding structure with randomness: Probabilistic algorithms for constructing approximate matrix decompositions},
  author={Halko, Nathan and Martinsson, Per-Gunnar and Tropp, Joel A},
  journal={SIAM review},
  volume={53},
  number={2},
  pages={217--288},
  year={2011},
  publisher={SIAM}
}

@misc{svdlibc,
  title={SvdLibC},
  author={Rohde, Doug},
  year={2007}
}

@article{berry92,
  title={Large-scale sparse singular value computations},
  author={Berry, Michael W},
  journal={International Journal of Supercomputer Applications},
  volume={6},
  number={1},
  pages={13--49},
  year={1992},
  publisher={Citeseer}
}

@article{svdpack,
  title={SVDPACK: A Fortran-77 software library for the sparse singular value decomposition},
  author={Berry, Michael W},
  year={1992},
  publisher={University of Tennessee}
}

@article{svdpackc,
  title={SVDPACKC (Version 1.0) User's Guide1},
  author={Berry, Michael and Do, Theresa and O'Brien, Gavin and Krishna, Vijay and Varadhan, Sowmini},
  year={1993}
}

@article{hall00,
  title={Merging and splitting eigenspace models},
  author={Hall, Peter and Marshall, David and Martin, Ralph},
  journal={Pattern Analysis and Machine Intelligence, IEEE Transactions on},
  volume={22},
  number={9},
  pages={1042--1049},
  year={2000},
  publisher={IEEE}
}

@article{hall02,
  title={Adding and subtracting eigenspaces with eigenvalue decomposition and singular value decomposition},
  author={Hall, Peter and Marshall, David and Martin, Ralph},
  journal={Image and Vision Computing},
  volume={20},
  number={13},
  pages={1009--1016},
  year={2002},
  publisher={Elsevier}
}


@article{gensim,
  title={Gensim--Python Framework for Vector Space Modelling},
  author={{\v{R}}eh{u}{\v{r}}ek, R and Sojka, P},
  journal={NLP Centre, Faculty of Informatics, Masaryk University, Brno, Czech Republic},
  year={2011}
}

@incollection{zha98,
  title={Large-scale SVD and subspace-based methods for information retrieval},
  author={Zha, Hongyuan and Marques, Osni and Simon, Horst D},
  booktitle={Solving Irregularly Structured Problems in Parallel},
  pages={29--42},
  year={1998},
  publisher={Springer}
}

@misc{hernandez07,
  title={Restarted Lanczos bidiagonalization for the SVD in SLEPc},
  author={Hernandez, V and Roman, JE and Tomas, A and Vidal, V},
  year={2007},
  publisher={Informe t{\'e}cnico STR-8, Universidad Polit{\'e}cnica de Valencia}
}


@article{blas,
  title={Basic linear algebra subprograms for Fortran usage},
  author={Lawson, Chuck L and Hanson, Richard J. and Kincaid, David R and Krogh, Fred T.},
  journal={ACM Transactions on Mathematical Software (TOMS)},
  volume={5},
  number={3},
  pages={308--323},
  year={1979},
  publisher={ACM}
}

@book{lapack,
  title={LAPACK Users' guide},
  author={Anderson, Edward and Bai, Zhaojun and Bischof, Christian and Blackford, Susan and Demmel, James and Dongarra, Jack and Du Croz, Jeremy and Greenbaum, Anne and Hammerling, S and McKenney, Alan and others},
  volume={9},
  year={1999},
  publisher={Siam}
}

@incollection{atlas,
  title={ATLAS (Automatically Tuned Linear Algebra Software)},
  author={Whaley, R Clint},
  booktitle={Encyclopedia of Parallel Computing},
  pages={95--101},
  year={2011},
  publisher={Springer}
}

@article{zha00,
  title={Matrices with low-rank-plus-shift structure: Partial SVD and latent semantic indexing},
  author={Zha, Hongyuan and Zhang, Zhenyue},
  journal={SIAM Journal on Matrix Analysis and Applications},
  volume={21},
  number={2},
  pages={522--536},
  year={2000},
  publisher={SIAM}
}

@phdthesis{berry91,
  title={Multiprocessor sparse SVD algorithms and applications},
  author={Berry, Michael Waitsel},
  year={1991},
  school={Citeseer}
}

@article{golub00,
  title={Eigenvalue computation in the 20th century},
  author={Golub, Gene H and Van der Vorst, Henk A},
  journal={Journal of Computational and Applied Mathematics},
  volume={123},
  number={1},
  pages={35--65},
  year={2000},
  publisher={Elsevier}
}

@article{muntz1913,
  title={Solution direct de l’equation seculaire et de quelques problems analogues},
  author={Muntz, CL},
  journal={Comptus Rendus de l’Academie des Sciences},
  volume={156},
  pages={43--46},
  year={1913}
}

@book{lanczos1950,
  title={An iteration method for the solution of the eigenvalue problem of linear differential and integral operators},
  author={Lanczos, Cornelius},
  year={1950},
  publisher={United States Governm. Press Office}
}

@article{krylov1931,
  title={On the numerical solution of the equation by which in technical questions frequencies of small oscillations of material systems are determined},
  author={Krylov, AN},
  journal={Izvestija AN SSSR (News of Academy of Sciences of the USSR), Otdel. mat. i estest. nauk},
  volume={7},
  number={4},
  pages={491--539},
  year={1931}
}

@article{jia01,
  title={An analysis of the Rayleigh--Ritz method for approximating eigenspaces},
  author={Jia, Zhongxiao and Stewart, GW},
  journal={Mathematics of Computation},
  volume={70},
  number={234},
  pages={637--647},
  year={2001}
}

@article{leissa05,
  title={The historical bases of the Rayleigh and Ritz methods},
  author={Leissa, Arthur W},
  journal={Journal of Sound and Vibration},
  volume={287},
  number={4},
  pages={961--978},
  year={2005},
  publisher={Elsevier}
}

@phdthesis{paige71,
  title={The computation of eigenvalues and eigenvectors of very large sparse matrices.},
  author={Paige, Christopher Conway},
  year={1971},
  school={University of London}
}

@article{paige76,
  title={Error analysis of the Lanczos algorithm for tridiagonalizing a symmetric matrix},
  author={Paige, Christopher C},
  journal={IMA Journal of Applied Mathematics},
  volume={18},
  number={3},
  pages={341--349},
  year={1976},
  publisher={Oxford University Press}
}

@incollection{dubrulle71,
  title={The implicit QL algorithm},
  author={Dubrulle, A and Martin, RS and Wilkinson, JH},
  booktitle={Linear algebra},
  pages={241--248},
  year={1971},
  publisher={Springer}
}

@article{golub65,
  title={Calculating the singular values and pseudo-inverse of a matrix},
  author={Golub, Gene and Kahan, William},
  journal={Journal of the Society for Industrial \& Applied Mathematics, Series B: Numerical Analysis},
  volume={2},
  number={2},
  pages={205--224},
  year={1965},
  publisher={SIAM}
}

@article{golub70,
  title={Singular value decomposition and least squares solutions},
  author={Golub, Gene H and Reinsch, Christian},
  journal={Numerische mathematik},
  volume={14},
  number={5},
  pages={403--420},
  year={1970},
  publisher={Springer}
}


@article{parlett79,
  title={The Lanczos algorithm with selective orthogonalization},
  author={Parlett, Beresford N and Scott, David S},
  journal={Mathematics of computation},
  volume={33},
  number={145},
  pages={217--238},
  year={1979}
}

@article{simon84,
  title={Analysis of the symmetric Lanczos algorithm with reorthogonalization methods},
  author={Simon, Horst D},
  journal={Linear algebra and its applications},
  volume={61},
  pages={101--131},
  year={1984},
  publisher={Elsevier}
}

@article{plassman05,
  title={A survey of singular value decomposition methods and performance comparison of some available serial codes},
  author={Plassman, Gerald E},
  journal={NASA Technical Report CR-2005-213500},
  year={2005}
}

@article{sse,
  title={Using SSE and SSE2: Misconceptions and reality},
  author={Klimovitski, Alex},
  journal={Intel developer update magazine},
  pages={3--8},
  year={2001}
}

@book{linpack,
  title={LINPACK users' guide},
  author={Dongarra, Jack J and Bunch, James R and Moler, Cleve B and Stewart, Gilbert W},
  volume={8},
  year={1979},
  publisher={Siam}
}

@book{eispack,
  title={Matrix eigensystem routines-EISPACK guide},
  author={Smith, Brian T and Boyle, James M. and Garbow, BS and Ikebe, Y and Klema, VC and Moler, CB},
  volume={6},
  year={2013},
  publisher={Springer}
}

@book{numpy,
  title={A guide to NumPy},
  author={Oliphant, Travis E},
  volume={1},
  year={2006},
  publisher={Trelgol Publishing USA}
}
